@article{stewart2000sex,
  title={Sex differences in desired characteristics of short-term and long-term relationship partners},
  author={Stewart, S. and Stinnett, H. and Rosenfeld, L.B.},
  journal={Journal of Social and Personal Relationships},
  volume={17},
  number={6},
  pages={843--853},
  year={2000},
  publisher={Sage Publications}
}

@article{duncan1990humor,
  title={Humor and work: Applications of joking behavior to management},
  author={Duncan, W.J. and Smeltzer, L.R. and Leap, T.L.},
  journal={Journal of Management},
  volume={16},
  number={2},
  pages={255--278},
  year={1990},
  publisher={Sage Publications}
}

@article{griffiths2005integrating,
  title={Integrating topics and syntax},
  author={Griffiths, T.L. and Steyvers, M. and Blei, D.M. and Tenenbaum, J.B.},
  journal={Advances in neural information processing systems},
  volume={17},
  pages={537--544},
  year={2005}
}

@book{frank1989humor,
  title={Humor and children's development: A guide to practical applications},
  author={Frank, M. and McGhee, P.E.},
  year={1989},
  publisher={Routledge}
}

%@inproceedings{johnson2002use,
%  title={The use of humor and its influences on spirituality and coping in breast cancer survivors},
%  author={Johnson, P.},
%  booktitle={Oncology nursing forum},
%  volume={29},
%  number={4},
%  pages={691--695},
%  year={2002},
%  organization={Onc Nurs Society}
%}

@article{ziv1989humor,
  title={Humor and marital satisfaction},
  author={Ziv, A. and Gadish, O.},
  journal={The journal of social psychology},
  volume={129},
  number={6},
  pages={759--768},
  year={1989},
  publisher={Taylor \& Francis}
}

@article{weide1998cmu,
  title={The CMU pronouncing dictionary},
  author={Weide, R.L.},
  journal={URL: http://www. speech. cs. cmu. edu/cgi-bin/cmudict},
  year={1998}
}


@article{blei2003latent,
  title={Latent dirichlet allocation},
  author={Blei, D.M. and Ng, A.Y. and Jordan, M.I.},
  journal={The Journal of Machine Learning Research},
  volume={3},
  pages={993--1022},
  year={2003},
  publisher={JMLR. org}
}

@article{fellbaum2010wordnet,
  title={WordNet},
  author={Fellbaum, C.},
  journal={Theory and Applications of Ontology: Computer Applications},
  pages={231--243},
  year={2010},
  publisher={Springer}
}
@article{nelson2004university,
  title={The University of South Florida free association, rhyme, and word fragment norms},
  author={Nelson, D.L. and McEvoy, C.L. and Schreiber, T.A.},
  journal={Behavior Research Methods},
  volume={36},
  number={3},
  pages={402--407},
  year={2004},
  publisher={Springer}
}

@inproceedings{mirman2008effect,
  title={Effect of Global Context on Homophone Ambiguity Resolution},
  author={Mirman, D. and Magnuson, J.S. and Strauss, T.J. and Dixon, J.A.},
  booktitle={Proceedings of the 30th annual meeting of the cognitive science society},
  year={2008}
}
@inproceedings{yeh1987phonetic,
  title={The Phonetic Chinese Language Computer System(A tone-based natural language system for Chinese)},
  author={Yeh, V.},
  booktitle={1987 International Conference on Chinese and Oriental Language Computing, Chicago, IL},
  pages={210--218},
  year={1987}
}

@inproceedings{chang1993corpus,
  title={Corpus-based Adaptation Mechanisms for Chinese Homophone Disambiguation},
  author={Chang, C.H.},
  booktitle={Proceedings of the Workshop on Very Large Corpora, Ohio State University, USA},
  year={1993}
}

@inproceedings{béchet1999large,
  title={Large span statistical language models: application to homophone disambiguation for large vocabulary speech recognition in French},
  author={B{\'e}chet, F. and Nasr, A. and Spriet, T. and Mori, R.},
  booktitle={Sixth European Conference on Speech Communication and Technology},
  year={1999}
}

@inproceedings{lee1997applying,
  title={Applying repair processing in Chinese homophone disambiguation},
  author={Lee, Y.S. and Chen, H.H.},
  booktitle={Proceedings of the fifth conference on Applied natural language processing},
  pages={57--63},
  year={1997},
  organization={Association for Computational Linguistics}
}

@article{khanna2010children,
  title={Children's use of language context in lexical ambiguity resolution},
  author={Khanna, M.M. and Boland, J.E.},
  journal={The Quarterly Journal of Experimental Psychology},
  volume={63},
  number={1},
  pages={160--193},
  year={2010},
  publisher={Taylor \& Francis}
}

@article{binder2001effects,
  title={The effects of thematic fit and discourse context on syntactic ambiguity resolution},
  author={Binder, K.S. and Duffy, S.A. and Rayner, K.},
  journal={Journal of Memory and Language},
  volume={44},
  number={2},
  pages={297--324},
  year={2001},
  publisher={Elsevier}
}

@article{hoeks2002processing,
  title={Processing coordinated structures in context: The effect of topic-structure on ambiguity resolution},
  author={Hoeks, J.C.J. and Vonk, W. and Schriefers, H.},
  journal={Journal of Memory and Language},
  volume={46},
  number={1},
  pages={99--119},
  year={2002},
  publisher={Elsevier}
}

@article{binsted1996machine,
  title={Machine humour: An implemented model of puns},
  author={Binsted, K.},
  year={1996},
  publisher={The University of Edinburgh: College of Science and Engineering: The School of Informatics}
}

@article{mihalcea2006learning,
  title={Learning to laugh (automatically): Computational models for humor recognition},
  author={Mihalcea, R. and Strapparava, C.},
  journal={Computational Intelligence},
  volume={22},
  number={2},
  pages={126--142},
  year={2006},
  publisher={Wiley Online Library}
}

@incollection {semantic2010,
   author = {Reyes, Antonio and Buscaldi, Davide and Rosso, Paolo},
   title = {The Impact of Semantic and Morphosyntactic Ambiguity on Automatic Humour Recognition},
   booktitle = {Natural Language Processing and Information Systems},
   series = {Lecture Notes in Computer Science},
   editor = {Horacek, Helmut and M√©tais, Elisabeth and Mu√±oz, Rafael and Wolska, Magdalena},
   publisher = {Springer Berlin / Heidelberg},
   isbn = {978-3-642-12549-2},
   keyword = {Computer Science},
   pages = {130-141},
   volume = {5723},
   year = {2010}
}

@book{martin2007psychology,
  title={The psychology of humor: An integrative approach},
  author={Martin, R.A.},
  year={2007},
  publisher={Academic Press}
}

@book{hurley2011inside,
  title={Inside Jokes: Using Humor to Reverse-Engineer the Mind},
  author={Hurley, M.M. and Dennett, D.C. and Adams, R.B.},
  year={2011},
  publisher={Mit Pr}
}

@article{abed1994visual,
  title={Visual puns as interactive illustrations: Their effects on recognition memory},
  author={Abed, F.},
  journal={Metaphor and Symbol},
  volume={9},
  number={1},
  pages={45--60},
  year={1994},
  publisher={Taylor \& Francis}
}

@article{bergenverb,
  title={Verb omission errors: Evidence of rational processing of noisy language inputs},
  author={Bergen, L. and Levy, R. and Gibson, E.},
  booktitle={Proceedings of the 34th annual meeting of the cognitive science society},
  year={2012}
}

@inproceedings{levy2008noisy,
  title={A noisy-channel model of rational human sentence comprehension under uncertain input},
  author={Levy, R.},
  booktitle={Proceedings of the Conference on Empirical Methods in Natural Language Processing},
  pages={234--243},
  year={2008},
  organization={Association for Computational Linguistics}
}

@inproceedings{levy2011integrating,
  title={Integrating surprisal and uncertain-input models in online sentence comprehension: formal techniques and empirical results},
  author={Levy, R.},
  booktitle={Proceedings of the Association for Computational Linguistics},
  year={2011}
}

@article{gibsonnoisy,
  title={A noisy-channel account of crosslinguistic word order variation},
  author={Gibson, E. and Piantadosi, S.T. and Brink, K. and Bergen, L. and Lim, E. and Saxe, R.},
  year={2013}
}

@article{seidenberg1982automatic,
  title={Automatic access of the meanings of ambiguous words in context: Some limitations of knowledge-based processing},
  author={Seidenberg, M.S. and Tanenhaus, M.K. and Leiman, J.M. and Bienkowski, M.},
  journal={Cognitive psychology},
  volume={14},
  number={4},
  pages={489--537},
  year={1982},
  publisher={Elsevier}
}

@article{burke1984semantic,
  title={Semantic priming during sentence processing by young and older adults.},
  author={Burke, D.M. and Yee, P.L.},
  journal={Developmental Psychology},
  volume={20},
  number={5},
  pages={903},
  year={1984},
  publisher={American Psychological Association}
}

@inproceedings{smith2011cloze,
  title={Cloze but no cigar: The complex relationship between cloze, corpus, and subjective probabilities in language processing},
  author={Smith, N.J. and Levy, R.},
  booktitle={Proceedings of the 33rd Annual Meeting of the Cognitive Science Conference},
  year={2011}
}

@article{levy2009eye,
  title={Eye movement evidence that readers maintain and act on uncertainty about past linguistic input},
  author={Levy, R. and Bicknell, K. and Slattery, T. and Rayner, K.},
  journal={Proceedings of the National Academy of Sciences},
  volume={106},
  number={50},
  pages={21086--21090},
  year={2009},
  publisher={National Acad Sciences}
}

@MISC{Boyd-Graber07atopic,
    author = {Jordan Boyd-Graber and et al.},
    title = {A Topic Model for Word Sense Disambiguation},
    year = {2007}
}

@INPROCEEDINGS{Agirre96wordsense,
    author = {Eneko Agirre and German Rigau},
    title = {Word Sense Disambiguation Using Conceptual Density},
    booktitle = {16th International Conference on Computational Linguistics},
    year = {1996},
    pages = {16--22},
    publisher = {}
}

@INPROCEEDINGS{Cai05nus-ml:improvingword,
    author = {Jun Fu Cai and Wee Sun Lee and Yee Whye Teh},
    title = {NUS-ML:Improving word sense disambiguation using topic features},
    booktitle = {In Proceedings of SemEval-2007. Association for Computational Linguistics, 2007. 7 Fei-Fei},
    year = {2005},
    pages = {524--531},
    publisher = {IEEE Computer Society}

}

@article{forabosco1992cognitive,
  title={Cognitive aspects of the humor process: The concept of incongruity.},
  author={Forabosco, G.},
  journal={Humor: International Journal of Humor Research; Humor: International Journal of Humor Research},
  year={1992},
  publisher={Walter de Gruyter}
}

@article{gelkopf1996humor,
  title={Is humor only fun, an alternative cure or magic? The cognitive therapeutic potential of humor},
  author={Gelkopf, M. and Kreitler, S.},
  journal={Journal of Cognitive Psychotherapy},
  volume={10},
  number={4},
  pages={235--254},
  year={1996},
  publisher={Springer Publishing Company}
}

@article{veatch1998theory,
  title={A theory of humor},
  author={Veatch, T.C.},
  journal={Humor},
  volume={11},
  pages={161--215},
  year={1998},
  publisher={WALTER DE GRUYTER \& CO}
}

@article{veale2004incongruity,
  title={Incongruity in humor: Root cause or epiphenomenon?},
  author={Veale, T.},
  journal={Humor-International Journal of Humor Research},
  volume={17},
  number={4},
  pages={419--428},
  year={2004}
}

%@book{mcghee1979humor,
%  title={Humor, its origin and development},
%  author={McGhee, P.E.},
%  year={1979},
%  publisher={WH Freeman San Francisco}
%}

@inproceedings{kiddon2011s,
  title={That’s what she said: double entendre identification},
  author={Kiddon, C. and Brun, Y.},
  booktitle={Proceedings of the 49th Annual Meeting of the Association for Computational Linguistics: Human Language Technologies},
  pages={89--94},
  year={2011}
}
